@article{chen2018encoder,
  author = {Chen, Liang-Chieh and Zhu, Yukun and Papandreou, George and Schroff, Florian and Adam, Hartwig},
  title = {Encoder-decoder with atrous separable convolution for semantic image segmentation},
  journal = {Proceedings of the European conference on computer vision (ECCV)},
  volume = {20},
  pages = {833--851},
  year = {2018}
}

@article{Figueredo:2009dg,
   author = {Figueredo, A.~J. and Wolf, P. S.~A.},
   title = {Assortative pairing and life history strategy - a cross-cultural study.},
   journal = {Human Nature},
   volume = {20},
   pages = {317-330},
   year = {2009}
}